@incollection{Braginskii65,
title={Transport Processes in a Plasma},
author={S.~I. Braginskii},
booktitle={Reviews of Plasma Physics},
editor={M.~A. Leontovich},
language={translated from Russian},
publisher={Consultants Bureau},
address={New York},
volume={1},
year={1965},
pages={205--311}
}


@article{Glasser99,
title={The {NIMROD} code: a new approach to numerical plasma physics},
author={A.~H. Glasser and C.~R. Sovinec and R.~A. Nebel and
                  T.~A. Gianakon and S.~J. Plimpton and M.~S. Chu and
                  D.~D. Schnack and {the NIMROD Team}},
journal={Plasma Phys. Control. Fusion},
volume={41},
year={1999},
pages={A747--A755}
}

@article{Park99,
title={Plasma simulation studies using multilevel physics models},
author={W. Park and E.~V. Belova and G.~Y. Fu and X.~Z. Tang and
                  H.~R. Strauss and L.~E. Sugiyama},
journal={Phys. Plasmas},
volume={6},
number={5},
month=may,
year={1999},
pages={1796--1803}
}

@article{Birn01,
title={Geospace Environmental Modeling ({GEM}) Magnetic Reconnection
                  Challenge},
author={J. Birn and J.~F. Drake and M.~A. Shay and B.~N. Rogers and
                  R.~E. Denton and M.~Hesse and M. Kuznetsova and
                  Z.~W. Ma and A. Bhattacharjee and A. Otto and
                  P.~L. Pritchett},
journal={J. Geophys. Res},
volume={106},
number={A3},
month=mar,
year={2001},
pages={3715--3719}
}

@article{lidemmel03,
     AUTHOR = {Xiaoye S. Li and James W. Demmel},
     TITLE = {{SuperLU_DIST}: A Scalable Distributed-Memory Sparse Direct
              Solver for Unsymmetric Linear Systems},
     JOURNAL = {ACM Trans. Mathematical Software},
     YEAR = 2003,
     MONTH = {June},
     VOLUME = {29},
     NUMBER = {2},
     PAGES = {110--140}
}

@unpublished{Krommes04,
title={Course notes for \textit{Irreversible Processes in Plasma}},
author={J.~A. Krommes},
year={2004},
chapter={11}
}


@article{Jardin04,
title={A triangular finite element with first-derivative continuity
                  applied to fusion {MHD} applications},
author={S.~C. Jardin},
journal={J. Comp. Phys.},
volume={200},
year={2004},
pages={133--152}
}

@article{Fitzpatrick04,
title={Scaling of forced magnetic reconnection in the
                  {Hall}-magnetohydrodynamic {Taylor} problem},
author={Richard Fitzpatrick},
journal={Phys. Plasmas},
volume={11},
number={3},
year={2004},
month=mar,
pages={937--946}
}

@article{Jardin05,
title={Implicit solution of the four-field
                  extended-magnetohydrodynamic equations using
                  high-order high-continuity finite elements},
author={S.~C. Jardin and J.~A. Breslau},
journal={Phys. Plasmas},
volume={12},
year={2005},
pages={056101}
}

@article{Ramos05,
title={General expression of the Gyroviscous Force},
author={J.~J. Ramos},
journal={Phys. Plasmas},
volume={12},
year={2005},
pages={112301}
}

@unpublished{Schnack05,
title={Gravitational instability as a test case for extended {MHD}
                  computations},
author={D.~D. Schnack},
note={unpublished note},
url={http://w3.pppl.gov/cemm},
month=sep,
year={2005}
}

@article{Schnack06,
title={Computational modeling of fully ionized magnetized plasmas using
                  the fluid approximation},
author={D.~D. Schnack and D.~C. Barnes and D.~P. Brennan and
                  C.~C. Hegna and E. Held and C.~C. Kim and
                  S.~E. Kruger and A.~Y. Pankin and C.~R. Sovinec},
journal={Phys. Plasmas},
volume={13},
month=may,
year={2006},
pages={058103}
}

@article{Ferraro06,
title={Finite element implementation of Braginkii's gyroviscous stress
                  with application to the gravitational instability},
author={N.~M. Ferraro and S.~C. Jardin},
journal={Phys. Plasmas},
volume={13},
number={9},
pages={092101},
month=sep,
year={2006}
}

@article{Dunavant85,
title={High Degree Efficient Symmetrical Gaussian Quadrature for the Triange},
author={D.~A. Dunavant},
journal={Int'l J. for Num. Methods in Eng.},
volume={21},
pages={1129--1148},
year={1985}
}